<?xml version="1.0" encoding="UTF-8"?><record xmlns="http://www.loc.gov/MARC21/slim" xmlns:cinclude="http://apache.org/cocoon/include/1.0" xmlns:zs="http://www.loc.gov/zing/srw/">
  <leader>00519cz  a2200145n  4500</leader>
  <controlfield tag="001">n 2011055547</controlfield>
  <controlfield tag="003">DLC</controlfield>
  <controlfield tag="005">20140610112146.0</controlfield>
  <controlfield tag="008">110816n| azannaabn          |n aaa      </controlfield>
  <datafield tag="010" ind1=" " ind2=" ">
    <subfield code="a">n 2011055547</subfield>
  </datafield>
  <datafield tag="040" ind1=" " ind2=" ">
    <subfield code="a">DLC</subfield>
    <subfield code="b">eng</subfield>
    <subfield code="e">rda</subfield>
    <subfield code="c">DLC</subfield>
    <subfield code="d">DLC</subfield>
  </datafield>
  <datafield tag="046" ind1=" " ind2=" ">
    <subfield code="f">19690214</subfield>
  </datafield>
  <datafield tag="100" ind1="1" ind2=" ">
    <subfield code="a">Kristensen, Lars Lyngsgaard Fjord</subfield>
  </datafield>
  <datafield tag="670" ind1=" " ind2=" ">
    <subfield code="a">Postcommunism film, 2012:</subfield>
    <subfield code="b">ECIP t.p. (Lars Lyngsgaard Fjord Kristensen)</subfield>
  </datafield>
  <datafield tag="670" ind1=" " ind2=" ">
    <subfield code="a">Marx at the movies, 2014:</subfield>
    <subfield code="b">ECIP t.p. (Lars Kristensen, University of Skovde, Sweden) data view (b. Monday, Feb. 17, 1969)</subfield>
  </datafield>
</record>